@article{bour,
title={Théorie de la déformation des surfaces},
author={Bour, Edmond},
journal={J. Ecole Imperiale Polytechnique},
volume="19",
year="1862",
pages={1--48}
}

@article{Perring:1962vs,
      author         = "Perring, J. K. and Skyrme, T. H. R.",
      title          = "{A Model unified field equation}",
      journal        = "Nucl. Phys.",
      volume         = "31",
      year           = "1962",
      pages          = "550-555",
      doi            = "10.1016/0029-5582(62)90774-5",
      SLACcitation   = "%%CITATION = NUPHA,31,550;%%"
}

@article {SAPM:SAPM1974534249,
author = {Ablowitz, Mark J. and Kaup, David J. and Newell, Alan C.},
title = {The Inverse Scattering Transform-Fourier Analysis for Nonlinear Problems},
journal = {Studies in Applied Mathematics},
volume = {53},
number = {4},
issn = {1467-9590},
url = {http://dx.doi.org/10.1002/sapm1974534249},
doi = {10.1002/sapm1974534249},
pages = {249--315},
year = {1974},
}

@Inbook{Aktosun2009,
author="Aktosun, Tuncay",
title="Inverse Scattering Transform and the Theory of Solitons",
bookTitle="Encyclopedia of Complexity and Systems Science",
year="2009",
publisher="Springer New York",
address="New York, NY",
pages="4960--4971",
isbn="978-0-387-30440-3",
doi="10.1007/978-0-387-30440-3_295",
url="http://dx.doi.org/10.1007/978-0-387-30440-3_295"
}

@article{spiro,
author = {Spiro Karigiannis},
title = {The Inverse Scattering Transform and Integrability of Nonlinear Evolution Equations},
year = {1998},
url = {http://www.math.uwaterloo.ca/~karigian/papers/ist.pdf}
}

@article{intsys,
author = {Maciej Dunajski},
title = {Integrable Systems},
year = {2012},
url = {http://www.damtp.cam.ac.uk/user/md327/ISlecture_notes_2012.pdf}
}

@article{umbanhowar1996localized,
  title={Localized excitations in a vertically vibrated granular layer},
  author={Umbanhowar, Paul B and Melo, Francisco and Swinney, Harry L and others},
  journal={Nature},
  volume={382},
  number={6594},
  pages={793--796},
  year={1996}
}

@article{Zhou:2013tsa,
      author         = "Zhou, Shuang-Yong and Copeland, Edmund J. and Easther,
                        Richard and Finkel, Hal and Mou, Zong-Gang and Saffin,
                        Paul M.",
      title          = "{Gravitational Waves from Oscillon Preheating}",
      journal        = "JHEP",
      volume         = "10",
      year           = "2013",
      pages          = "026",
      doi            = "10.1007/JHEP10(2013)026",
      eprint         = "1304.6094",
      archivePrefix  = "arXiv",
      primaryClass   = "astro-ph.CO",
      SLACcitation   = "%%CITATION = ARXIV:1304.6094;%%"
}

@article{McAllister:2008hb,
      author         = "McAllister, Liam and Silverstein, Eva and Westphal,
                        Alexander",
      title          = "{Gravity Waves and Linear Inflation from Axion
                        Monodromy}",
      journal        = "Phys. Rev.",
      volume         = "D82",
      year           = "2010",
      pages          = "046003",
      doi            = "10.1103/PhysRevD.82.046003",
      eprint         = "0808.0706",
      archivePrefix  = "arXiv",
      primaryClass   = "hep-th",
      reportNumber   = "SLAC-PUB-13357, SU-ITP-08-15",
      SLACcitation   = "%%CITATION = ARXIV:0808.0706;%%"
}

@article{Dong:2010in,
      author         = "Dong, Xi and Horn, Bart and Silverstein, Eva and
                        Westphal, Alexander",
      title          = "{Simple exercises to flatten your potential}",
      journal        = "Phys. Rev.",
      volume         = "D84",
      year           = "2011",
      pages          = "026011",
      doi            = "10.1103/PhysRevD.84.026011",
      eprint         = "1011.4521",
      archivePrefix  = "arXiv",
      primaryClass   = "hep-th",
      reportNumber   = "SU-ITP-10-33, SLAC-PUB-14305, NSF-KITP-10-141,
                        DESY-10-201",
      SLACcitation   = "%%CITATION = ARXIV:1011.4521;%%"
}

@article{Silverstein:2008sg,
      author         = "Silverstein, Eva and Westphal, Alexander",
      title          = "{Monodromy in the CMB: Gravity Waves and String
                        Inflation}",
      journal        = "Phys. Rev.",
      volume         = "D78",
      year           = "2008",
      pages          = "106003",
      doi            = "10.1103/PhysRevD.78.106003",
      eprint         = "0803.3085",
      archivePrefix  = "arXiv",
      primaryClass   = "hep-th",
      reportNumber   = "SU-ITP-08-07, SLAC-PUB-13183",
      SLACcitation   = "%%CITATION = ARXIV:0803.3085;%%"
}

@article{Easther:2010qz,
      author         = "Easther, Richard and Finkel, Hal and Roth, Nathaniel",
      title          = "{PSpectRe: A Pseudo-Spectral Code for (P)reheating}",
      journal        = "JCAP",
      volume         = "1010",
      year           = "2010",
      pages          = "025",
      doi            = "10.1088/1475-7516/2010/10/025",
      eprint         = "1005.1921",
      archivePrefix  = "arXiv",
      primaryClass   = "astro-ph.CO",
      SLACcitation   = "%%CITATION = ARXIV:1005.1921;%%"
}

@article{Flauger:2009ab,
      author         = "Flauger, Raphael and McAllister, Liam and Pajer, Enrico
                        and Westphal, Alexander and Xu, Gang",
      title          = "{Oscillations in the CMB from Axion Monodromy Inflation}",
      journal        = "JCAP",
      volume         = "1006",
      year           = "2010",
      pages          = "009",
      doi            = "10.1088/1475-7516/2010/06/009",
      eprint         = "0907.2916",
      archivePrefix  = "arXiv",
      primaryClass   = "hep-th",
      reportNumber   = "SLAC-PUB-14821",
      SLACcitation   = "%%CITATION = ARXIV:0907.2916;%%"
}

@article{Hindmarsh:2006ur,
      author         = "Hindmarsh, Mark and Salmi, Petja",
      title          = "{Numerical investigations of oscillons in 2 dimensions}",
      journal        = "Phys. Rev.",
      volume         = "D74",
      year           = "2006",
      pages          = "105005",
      doi            = "10.1103/PhysRevD.74.105005",
      eprint         = "hep-th/0606016",
      archivePrefix  = "arXiv",
      primaryClass   = "hep-th",
      SLACcitation   = "%%CITATION = HEP-TH/0606016;%%"
}

@article{Gleiser:2008ty,
      author         = "Gleiser, Marcelo and Sicilia, David",
      title          = "{Analytical Characterization of Oscillon Energy and
                        Lifetime}",
      journal        = "Phys. Rev. Lett.",
      volume         = "101",
      year           = "2008",
      pages          = "011602",
      doi            = "10.1103/PhysRevLett.101.011602",
      eprint         = "0804.0791",
      archivePrefix  = "arXiv",
      primaryClass   = "hep-th",
      SLACcitation   = "%%CITATION = ARXIV:0804.0791;%%"
}

@article{PhysRevA.91.023631,
  title = {Oscillons in coupled Bose-Einstein condensates},
  author = {Su, Shih-Wei and Gou, Shih-Chuan and Liu, I-Kang and Bradley, Ashton S. and Fialko, Oleksandr and Brand, Joachim},
  journal = {Phys. Rev. A},
  volume = {91},
  issue = {2},
  pages = {023631},
  numpages = {8},
  year = {2015},
  month = {Feb},
  publisher = {American Physical Society},
  doi = {10.1103/PhysRevA.91.023631},
  url = {http://link.aps.org/doi/10.1103/PhysRevA.91.023631}
}

@article{PhysRevLett.108.093901,
  title = {Subwavelength Modulational Instability and Plasmon Oscillons in Nanoparticle Arrays},
  author = {Noskov, Roman E. and Belov, Pavel A. and Kivshar, Yuri S.},
  journal = {Phys. Rev. Lett.},
  volume = {108},
  issue = {9},
  pages = {093901},
  numpages = {5},
  year = {2012},
  month = {Feb},
  publisher = {American Physical Society},
  doi = {10.1103/PhysRevLett.108.093901},
  url = {http://link.aps.org/doi/10.1103/PhysRevLett.108.093901}
}

@article{Amin:2010dc,
      author         = "Amin, Mustafa A. and Easther, Richard and Finkel, Hal",
      title          = "{Inflaton Fragmentation and Oscillon Formation in Three
                        Dimensions}",
      journal        = "JCAP",
      volume         = "1012",
      year           = "2010",
      pages          = "001",
      doi            = "10.1088/1475-7516/2010/12/001",
      eprint         = "1009.2505",
      archivePrefix  = "arXiv",
      primaryClass   = "astro-ph.CO",
      SLACcitation   = "%%CITATION = ARXIV:1009.2505;%%"
}




@article{Tsimring:1997zz,
      author         = "Tsimring, Lev S. and Aranson, Igor S.",
      title          = "{Localized and Cellular Patterns in a Vibrated Granular
                        Layer}",
      journal        = "Phys. Rev. Lett.",
      volume         = "79",
      year           = "1997",
      pages          = "213-216",
      doi            = "10.1103/PhysRevLett.79.213",
      SLACcitation   = "%%CITATION = PRLTA,79,213;%%"
}

@article{Gleiser:2011xj,
      author         = "Gleiser, Marcelo and Graham, Noah and Stamatopoulos,
                        Nikitas",
      title          = "{Generation of Coherent Structures After Cosmic
                        Inflation}",
      journal        = "Phys. Rev.",
      volume         = "D83",
      year           = "2011",
      pages          = "096010",
      doi            = "10.1103/PhysRevD.83.096010",
      eprint         = "1103.1911",
      archivePrefix  = "arXiv",
      primaryClass   = "hep-th",
      SLACcitation   = "%%CITATION = ARXIV:1103.1911;%%"
}

@article{Copeland:1995fq,
      author         = "Copeland, Edmund J. and Gleiser, M. and Muller, H. -R.",
      title          = "{Oscillons: Resonant configurations during bubble
                        collapse}",
      journal        = "Phys. Rev.",
      volume         = "D52",
      year           = "1995",
      pages          = "1920-1933",
      doi            = "10.1103/PhysRevD.52.1920",
      eprint         = "hep-ph/9503217",
      archivePrefix  = "arXiv",
      primaryClass   = "hep-ph",
      reportNumber   = "SUSX-TH-95-3-3, FERMILAB-PUB-95-021-A, DART-HEP-95-01",
      SLACcitation   = "%%CITATION = HEP-PH/9503217;%%"
}

@article{Hindmarsh:2007jb,
      author         = "Hindmarsh, Mark and Salmi, Petja",
      title          = "{Oscillons and domain walls}",
      journal        = "Phys. Rev.",
      volume         = "D77",
      year           = "2008",
      pages          = "105025",
      doi            = "10.1103/PhysRevD.77.105025",
      eprint         = "0712.0614",
      archivePrefix  = "arXiv",
      primaryClass   = "hep-th",
      SLACcitation   = "%%CITATION = ARXIV:0712.0614;%%"
}

@article{Amin:2011hj,
      author         = "Amin, Mustafa A. and Easther, Richard and Finkel, Hal and
                        Flauger, Raphael and Hertzberg, Mark P.",
      title          = "{Oscillons After Inflation}",
      journal        = "Phys. Rev. Lett.",
      volume         = "108",
      year           = "2012",
      pages          = "241302",
      doi            = "10.1103/PhysRevLett.108.241302",
      eprint         = "1106.3335",
      archivePrefix  = "arXiv",
      primaryClass   = "astro-ph.CO",
      SLACcitation   = "%%CITATION = ARXIV:1106.3335;%%"
}

@article{PhysRevD.80.125037,
  title = {General theory of oscillon dynamics},
  author = {Gleiser, Marcelo and Sicilia, David},
  journal = {Phys. Rev. D},
  volume = {80},
  issue = {12},
  pages = {125037},
  numpages = {15},
  year = {2009},
  month = {Dec},
  publisher = {American Physical Society},
  doi = {10.1103/PhysRevD.80.125037},
  url = {http://link.aps.org/doi/10.1103/PhysRevD.80.125037}
}

@article{:/content/aip/journal/jmp/25/7/10.1063/1.526415,
   author = "Weiss, John",
   title = "The sine‐Gordon equations: Complete and partial integrability",
   journal = "Journal of Mathematical Physics",
   year = "1984",
   volume = "25",
   number = "7", 
   pages = "2226-2235",
   url = "http://scitation.aip.org/content/aip/journal/jmp/25/7/10.1063/1.526415",
   doi = "http://dx.doi.org/10.1063/1.526415" 
}

@article {Dodd499,
	author = {Dodd, R. K. and Bullough, R. K.},
	title = {Backlund Transformations for the Sine-Gordon Equations},
	volume = {351},
	number = {1667},
	pages = {499--523},
	year = {1976},
	doi = {10.1098/rspa.1976.0154},
	publisher = {The Royal Society},
	abstract = {The generalized sine-Gordon equations $z_{,xt}=F(z)$ in two independent variables $x$, mi include the sine-Gordon $z_{,xt}=$sin z and the multiple sine-Gordon{\textquoteright}s like $z_{,xt}$ = sin $z+\frac{1}{2}$ sin $\frac{1}{2}z$. Among other physical applications all these sine-Gordon{\textquoteright}s are significant to the theory of intense ultra-short optical pulse propagation. The sine-Gordon itself has analytical multisoliton solutions. It also has an infinity of polynomial conserved densities and has auto-Backlund transformations which generate a second solution of the sine-Gordon from a first solution - particularly from the solution $z\equiv 0$. We prove first that the generalized multi-dimensional sine-Gordon in two or more space variables $x^{1},x^{2}$... has no auto-Backlund transformations. Next we prove that the generalized sine-Gordon{\textquoteright}s $z_{,xt}=F(z)$ and $z_{,xt}^{\prime}=G(z^{\prime})$ have an invertible Backlund transformation between solutions $z$ and $z^{\prime}$ if and only if $F$ and $G$ are solutions of $\ddot{F}=\alpha ^{2}F,\ddot{G}=\beta ^{2}G$ where, in general, $\beta =\alpha h^{-1},\alpha $ is a complex number and $h^{2}(\neq 0)$ is real. In case $h$ = 1 and $F$ and $G$ are the same function $z_{,xt}=F(z)$ has an auto-Backlund transformation if and only if $\ddot{F}=\alpha ^{2}F$. We exhibit the B.ts and a.B.ts in these cases as well as the other B.ts for the generalized sine-Gordon. We conclude that the multiple sine-Gordon{\textquoteright}s do not have a.B.ts and infer that, despite the soliton character of the numerical solutions, the multiple sine-Gordon{\textquoteright}s are not soluble by present simplest formulations of the two by two inverse scattering method.},
	issn = {0080-4630},
	URL = {http://rspa.royalsocietypublishing.org/content/351/1667/499},
	journal = {Proceedings of the Royal Society of London A: Mathematical, Physical and Engineering Sciences}
}

@article{Cuenda20111047,
title ="Sine-Gordon wobbles through Bäcklund transformations",
journal ="Discrete and Continuous Dynamical Systems - Series S",
volume ="4",
number ="5",
pages ="1047-1056",
year ="2011",
note ="",
issn ="1937-1632",
doi ="10.3934/dcdss.2011.4.1047",
url ="http://aimsciences.org/journals/displayArticlesnew.jsp?paperID=5761",
author ="Sara  Cuenda and Niurka R. Quintero and Angel  Sánchez",
keywords ="Soliton theory",
keywords ="Bäcklund transformations",
keywords ="nonlinear dynamics",
abstract ="Abstract In this work we construct the wobble exact solution of sine-Gordon
equation by means of Bäcklund Transformations. We find the
parameters of the transformations corresponding to the Bianchi
diagram for the wobble as a particular $3$-soliton solutions. We
show that this solution agrees with the wobbles obtained by
Kälbermann and Segur by means of the Inverse Scattering Transform, and by
Ferreira et al. using the Hirota method. The new formulation introduced allows to
identify easily the parameters that define the building blocks of
this solution -- a kink and a breather, and can be used in further
studies of this solution in the perturbed sine-Gordon equation."
}

@article{sgtalk,
title = {Exact Solutions to the Sine-Gordon Equation},
author = {Francesco Demontis},
year = 2011,
url = {http://tex.unica.it/~francesco/talk_Reading1.pdf}
}

@article{:/content/aip/journal/jmp/51/12/10.1063/1.3520596,
   author = "Aktosun, Tuncay and Demontis, Francesco and van der Mee, Cornelis",
   title = "Exact solutions to the sine-Gordon equation",
   journal = "Journal of Mathematical Physics",
   year = "2010",
   volume = "51",
   number = "12", 
   eid = 123521,
   pages = "",
   url = "http://scitation.aip.org/content/aip/journal/jmp/51/12/10.1063/1.3520596",
   doi = "http://dx.doi.org/10.1063/1.3520596" 
}

@book{ablowitz,
   author = {Ablowitz, Mark J.},
   title = {Solitons and the inverse scattering transform},
   publisher = {Philadelphia: SIAM 1981.},
   address = {Philadelphia},
   note = {Bibliography: p. 393-414.},
   keywords = {Solitons
Inverse scattering transform},
   year = {1981},
   type = {Book}
}

@incollection{hietarinta1997introduction,
  title={Introduction to the Hirota bilinear method},
  author={Hietarinta, Jarmo},
  booktitle={Integrability of Nonlinear Systems},
  pages={95--103},
  year={1997},
  publisher={Springer}
}

@article{Amin:2010jq,
      author         = "Amin, Mustafa A. and Shirokoff, David",
      title          = "{Flat-top oscillons in an expanding universe}",
      journal        = "Phys. Rev.",
      volume         = "D81",
      year           = "2010",
      pages          = "085045",
      doi            = "10.1103/PhysRevD.81.085045",
      eprint         = "1002.3380",
      archivePrefix  = "arXiv",
      primaryClass   = "astro-ph.CO",
      SLACcitation   = "%%CITATION = ARXIV:1002.3380;%%"
}

@Book{stringInflationBook,
author = {Baumann, Daniel and McAllister, Liam},
title = {Inflation and String Theory},
publisher = {Cambridge: Cambridge University Press},
year = 2015,
isbn = {9781316105733}, 
note = {Cambridge Books Online}, 
url = {http://dx.doi.org/10.1017/CBO9781316105733}
}